%--------------------------------------BOOKS-----------------------------------%
@Book{Khriplovich_Lamoreaux,
author = {Khriplovich, I. B. and Lamoreaux, S. K.},
title = {CP Violation Without Strangeness},
publisher = {Springer-Verlag},
year = {1997},}

@Book{Sakurai,
author = {Sakurai, J. J.},
title = {Modern Quantum Mechanics},
publisher = {Addison-Wesley},
year = {1994}}

@Book{Foot,
author = {Foot, Christopher J.},
title = {Atomic Physics},
publisher = {Oxford University Press},
year = {2005}}

@Book{Nagourney,
author = {Nagourney, Warren},
title = {Quantum Electronics for Atomic Physics},
publisher = {Oxford University Press},
year = {2010}}

@Book{Jackson,
author = {Jackson, John D.},
title = {Classical Electrodynamics},
publisher = {Wiley},
year = {1999}}

@Book{New,
author = {New, Geoffrey},
title = {Introduction to Nonlinear Optics},
publisher = {Cambridge University Press},
year = {2011}}

@Book{NumericalRecipes,
author = {Press, William H. and Flannery, Brian P. and Teukolsky, Saul A. and Vetterling William T.},
title = {Numerical Recipes in C: The Art of Scientific Computing},
publisher = {Cambridge University Press},
year = {1988}}

%--------------------------------------Hg EDM PAPERS-----------------------------------%

@Article{2016_Hg_EDM,
author = {Graner, B. and Chen, Y. and Lindahl, E.G. and Heckel, B.R.},
title = {Reduced Limit on the Permanent Electric Dipole Moment of $^{199}${H}g},
journal = {Phys. Review Lett.},
volume = {116},
pages = {161601-5},
month = {Apr},
year = {2016}}

@Article{2011_Hg_Stark_Interference,
author = {Loftus, T.H. and Swallows, M.D. and Griffith, W.C. and Romalis, M.V. and Heckel, B.R. and Fortson, E.N.},
title = {Measurement of Linear Stark Interference in $^{199}${H}g},
journal = {Phys. Review Lett.},
volume = {102},
pages = {253002-4},
month = {Jun},
year = {2011}}

@article{2013_Hg_EDM_PRA,
title = {Techniques used to search for a permanent electric dipole moment of the ${}^{199}$Hg atom and the implications for $\mathit{CP}$ violation},
author = {Swallows, M.D. and Loftus, T.H. and Griffith, W.C. and Heckel, B.R. and Fortson, E.N. and Romalis, M.V.},
journal = {Phys. Rev. A},
volume = {87},
issue = {1},
pages = {012102},
numpages = {24},
year = {2013},
month = {Jan}}

@Article{2009_Hg_EDM,
author = {Griffith, W.C. and Swallows, M.D. and Loftus, T.H. and Romalis, M.V. and Heckel, B.R. and Fortson, E.N.},
title = {Improved Limit on the Permanent Electric Dipole Moment of $^{199}${H}g},
journal = {Phys. Review Lett.},
volume = {102},
pages = {101601-4},
month = {Mar},
year = {2009}}

@Article{2001_Hg_EDM,
author = {Romalis, M. V. and Griffith, W. C. and Jacobs, J. P. and Fortson, E. N.},
title = {New Limit on the Permanent Electric Dipole Moment of $^{199}${H}g},
journal = {Phys. Rev. Lett.},
volume = {86},
pages = {2505-8},
month = {Mar},
year = {2001}}


@Article{2000_Hg_Stark_Shift,
author = {Harber, D. M. and Romalis, M. V.},
title = {Measurement of the scalar Stark shift of the $6^1S_0 \rightarrow 6 ^3P_1$ transition in {H}g},
journal = {Phys. Rev. A},
volume = {63},
pages = {013402},
month = {Nov},
year = {2000}}

  
%--------------------------------------NON-Hg EDM EXPERIMENTS-----------------------------------%
  
@Article{1957_Smith_Purcell_Ramsey_nEDM,
author = {Smith, J. H. and Purcell, E. M. and Ramsey, N. F.},
title = {Experimental Limit to the Electric Dipole Moment of the Neutron},
journal = {Phys. Rev.},
volume = {108},
pages = {120-2},
month = {Oct},
year = {1957}}

@Article{2002_Tl_EDM,
author = {Regan, B. C. and Commins, Eugene D. and Schmidt, Christian J. and DeMille, David},
title = {New Limit on the Electron Electric Dipole Moment},
journal = {Phys. Rev. Lett.},
volume = {88},
pages = {071805},
month = {Feb},
year = {2002}}

@Article{2006_ILL_nEDM,
author = {Baker, C. A. and Doyle, D. D. and Geltenbort, P. and Green,K. and van der Grinten, M. G. D. and Harris, P. G. and Iaydjiev, P. and Ivanov, S. N. and May,  D. J. R. and Pendlebury, J. M. and Richardson, J. D. and Shiers, D. and Smith, K. F.},
title = {Improved Experimental Limit on the Electric Dipole Moment of the Neutron},
journal = {Phys. Rev. Lett.},
volume = {97},
pages = {131801},
month = {Sep},
year = {2006}}

@article{2011_YbF_EDM,
author = {Hudson, J. J. and Kara, D. M. and Smallman, I. J. and Sauer, B. E. and Tarbutt, M. R. and Hinds, E. A.}, 
title = {Improved measurement of the shape of the electron},
journal = {Nature},
volume = {473},  
pages = {493-496}, 
month = {May},
year = {2011}
}

@article{2012_Ra_Trap,
title = {Efficient, tightly-confined trapping of $^{226}${R}a},
author = {Parker, R. H. and Dietrich, M. R. and Bailey, K. and Greene, J. P. and Holt, R. J. and Kalita, M. R. and Korsch, W. and Lu, Z.-T. and Mueller, P. and O'Connor, T. P. and Singh, J. and Sulai, I. A. and Trimble, W. L.},
journal = {Phys. Rev. C},
volume = {86},
pages = {065503},
month = {Dec},
year = {2012}}

@article{2014_ACME_eEDM,
author = {Baron, J. and Campbell, W. C. and DeMille, D. and Doyle, J. M. and Gabrielse, G. and Gurevich, Y. V. and Hess, P. W. and Hutzler, N. R. and Kirilov, E. and Kozyryev, I. and Oâ€™Leary, B. R. and Panda, C. D. and Parsons, M. F. and Petrik, E. S. and Spaun, B. and Vutha, A. C. and West, A. D.}, 
collaboration = {The ACME Collaboration},
title = {Order of Magnitude Smaller Limit on the Electric Dipole Moment of the Electron},
volume = {343}, 
number = {6168}, 
pages = {269-272}, 
year = {2014}, 
journal = {Science}}

@article{2015_Ra_EDM,
title = {First Measurement of the Atomic Electric Dipole Moment of $^{225}${R}a},
author = {Parker, R. H. and Dietrich, M. R. and Kalita, M. R. and Lemke, N. D. and Bailey, K. G. and Bishof, M. and Greene, J. P. and Holt, R. J. and Korsch, W. and Lu, Z.-T. and Mueller, P. and O'Connor, T. P. and Singh, J.T.},
journal = {Phys. Rev. Lett.},
volume = {114},
pages = {233002},
month = {Jun},
year = {2015}}

@article{2015_ILL_nEDM_gravity_correction,
title = {Revised experimental upper limit on the electric dipole moment of the neutron},
author = {Pendlebury, J. M. and Afach, S. and Ayres, N. J. and Baker, C. A. and Ban, G. and Bison, G. and Bodek, K. and Burghoff, M. and Geltenbort, P. and Green, K. and Griffith, W. C. and van der Grinten, M. and Gruji\ifmmode \acute{c}\else \'{c}\fi{}, Z. D. and Harris, P. G. and H\'elaine, V. and Iaydjiev, P. and Ivanov, S. N. and Kasprzak, M. and Kermaidic, Y. and Kirch, K. and Koch, H.-C. and Komposch, S. and Kozela, A. and Krempel, J. and Lauss, B. and Lefort, T. and Lemi\`ere, Y. and May, D. J. R. and Musgrave, M. and Naviliat-Cuncic, O. and Piegsa, F. M. and Pignol, G. and Prashanth, P. N. and Qu\'em\'ener, G. and Rawlik, M. and Rebreyend, D. and Richardson, J. D. and Ries, D. and Roccia, S. and Rozpedzik, D. and Schnabel, A. and Schmidt-Wellenburg, P. and Severijns, N. and Shiers, D. and Thorne, J. A. and Weis, A. and Winston, O. J. and Wursten, E. and Zejma, J. and Zsigmond, G.},
journal = {Phys. Rev. D},
volume = {92},
issue = {9},
pages = {092003},
year = {2015},
month = {Nov}}


%--------------------------------------AXION EXPERIMENTS-----------------------------------%

@Article{2005_Rosenberg_axion_review,
author = {Rosenberg, Leslie J. and van Bibber, Karl A.},
title = {Searches for Invisible Axions},
journal = {Physics Reports},
year = {2000},
volume = {325},
pages = {1-39}}


%--------------------------------------Oscillating EDM EXPERIMENTS-----------------------------------%

@article{2013_Graham_and_Rajendran_Direct_ALP_Detection,
author = {Graham, Peter W. and Rajendran, Surjeet},
title = {New observables for direct detection of axion dark matter},
journal = {Physical Review D},
volume = {88}, 
pages = {035023},
month = {Aug}, 
year = {2013}}

@article{2014_Budker_CASPEr_proposal,
author = {Budker, Dmitry and Graham, Peter W. and Ledbetter, Micah and Rajendran, Surjeet and Sushkov, Alexander O.},
title = {Proposal for a Cosmic Axion Spin Precession Experiment (CASPEr)},
journal = {Physical Review X},
volume = {4}, 
pages = {021030},
month = {May}, 
year = {2014}}

@article{2015_Alpha_dot_Axion_Limits,
author = {Van Tilburg, Ken and Leefer, Nathan and Bougas, Lykourgos and Budker, Dmitry},
title = {Search for Ultralight Scalar Dark Matter with Atomic Spectroscopy},
journal = {Physical Review D},
volume = {115}, 
pages = {011802},
month = {Jul}, 
year = {2015}}


%--------------------------------------VAPOR CELL PAPERS-----------------------------------%

@Article{1966_Bouchiat_Brossel_Rb_relaxation,
author = {Bouchiat, M.A. and Brossel, J.},
title = {Relaxation of Optiaclly Pumped {R}b Atoms on Paraffin-Coated Walls},
journal = {Phys. Rev.},
year = {1966},
volume = {147},
number = {1},
pages = {41-54},
month = {Jul}}

@Article {1991_Hg_Ionization_Potential,
author = {Uchtmann, H. and Rademann, K. and Hensel, F.},
title = {Metal-Nonmetal Transition and Homogeneous Nucleation of Mercury Vapour},
journal = {Annalen der Physik},
volume = {503},
number = {1-3},
pages = {207-214},
year = {1991}}

@Article{1998_HgPhotonucleation,
author = {Uchtmann, H. and Dettmer, R. and Baranovskii, S.D. and Hensel, F.},
title = {Photoinduced Nucleation in Supersaturated Mercury Vapor},
journal = {Journal of Chemical Physics},
year = {1998},
volume = {108},
number = {23},
pages = {9775-82},
month = {Jun}}

@Article{2004_Romalis_Lin_Hg_relaxation,
author = {Romalis, M.V. and Lin, L.},
title = {Surface Nuclear Spin Relaxation of $^{199}${H}g},
journal = {Journal of Chemical Physics},
year = {2004},
volume = {120},
number = {3},
pages = {1511-5},
month = {Jan}}

@article{2010_Budker_long_Rb_coherence_alpha_olefins,
title = {Polarized Alkali-Metal Vapor with Minute-Long Transverse Spin-Relaxation Time},
author = {Balabas, M. V. and Karaulanov, T. and Ledbetter, M. P. and Budker, D.},
journal = {Phys. Rev. Lett.},
volume = {105},
issue = {7},
pages = {070801},
numpages = {4},
year = {2010},
month = {Aug}}

@article{2013_PSI_Hg_antirelaxation_coatings,
title = {Experimental study of $^{199}${H}g spin anti-relaxation coatings},
author = {Chowdhuri, Z. and Fertl, M. and Horras, M. and Kirch, K. and Krempel, J. and Lauss, B. and Mtchedlishvili, A. and Rebreyend, D. and Roccia, S. and Schmidt-Wellenburg, P. and Zsigmond, G.},
journal = {Appl. Phys. B},
volume = {115},
pages = {257-62},
year = {2013},
month = {Aug}}


%--------------------------------------THEORY REFERENCES-----------------------------------%

@Article{1950_Purcell_Ramsey_EDM,
author = {Purcell, E. M. and Ramsey, N. F.},
title = {On the Possibility of Electric Dipole Moments for Elementary Particles and Nuclei},
journal = {Phys. Rev.},
volume = {78},
pages = {807},
month = {Jun},
year = {1950}}

@Article{1957_Landau,
author = {Landau, L.},
title = {On the Conservation Laws for Weak Interactions},
journal = {Nuclear Physics},
volume = {3},
pages = {127-131},
year = {1957}}

@Article{1963_Schiff,
author = {Schiff, L. I.},
title = {Measurability of Nuclear Electric Dipole Moments},
journal = {Phys. Rev.},
volume = {132},
pages = {2194-200},
month = {Dec},
year = {1963}}

@Article{1966_Sakharov,
author = {Sakharov, A. D.},
title = {The Initial Stage of an Expanding Universe and the Appearance of a Nonuniform Distribution of Matter},
journal = {Soviet Physics, JETP},
volume = {22},
pages = {241-9},
month = {Jan},
year = {1966}}

@Article{1967_Sakharov,
author = {Sakharov, A. D.},
title = {Violation of {CP} invariance, {C} asymmetry, and baryon asymmetry of the universe},
journal = {Sov. Phys., JETP Lett.},
volume = {5},
pages = {24},
year = {1967}}

@Article{1967_Optical_pumping_light_shifts,
title = {Effective operator formalism in optical pumping},
author = {'Happer, W. and Mathur, B.S.},
journal = {Phys. Rev.},
volume = {163},
issue = {1},
pages = {12},
year = {1967}}

@Article{1973_Kobayashi_Maskawa,
author = "Kobayashi, Makoto and Maskawa, Toshihide",
title = "{{CP} Violation in the Renormalizable Theory of Weak Interaction}",
journal = "Prog. Theor. Phys.",
volume = "49",
year = "1973",
pages = "652-657"}

@Article{1976_'t_Hooft_U1_problem_solution_with_Theta_QCD,
title = {Symmetry Breaking through Bell-Jackiw Anomalies},
author = {'t Hooft, G.},
journal = {Phys. Rev. Lett.},
volume = {37},
issue = {1},
pages = {8-11},
year = {1976},
month = {Jul},}

@Article{1977_Peccei_Quinn,
author = {Peccei, R.D. and Quinn, Helen R.},
title = {{CP} conservation in the presence of pseudoparticles},
journal = {Phys. Rev. Lett.},
volume = {38},
pages = {1440-3},
month = {Jun},
year = {1977}}

@Article{1978_Wilczek_axion,
author = {Wilczek, F.},
title = {Problem of Strong {P} and {T} invariance in the Presence of Instantons},
journal = {Phys. Rev. Lett.},
year = {1978},
volume = {40},
number = {5},
pages = {279-82},
month = {Jan}}

@Article{1978_Weinberg_axion,
author = {Steven Weinberg},
title = {A New Light Boson?},
journal = {Phys. Rev. Lett.},
year = {1978},
volume = {40},
number = {5},
pages = {223-6},
month = {Jan}}

@Article{1979_Baluni_nEDM_from_QCD,
author = {Baluni, V.},
title = {{CP}-nonconserving effects in quantum chromodynamics},
journal = {Phys. Rev. D},
volume = {19},
pages = {2227-30},
month = {Apr},
year = {1979}}
			
@Article{1979_Crewther_et._al._nEDM_from_QCD,
author = {Crewther, R. J. and Di Vecchia, P. and Veneziano, G. and Witten, E.},
title = {Chiral Estimate of the Electric Dipole Moment of the Neutron in Quantum Chromodynamics},
journal = {Phys. Lett.},
volume = {88B},
pages = {123-7},
month = {Dec},
year = {1979}}

@Article{1980_Crewther_et._al._nEDM_from_QCD_Errata,
author = {Crewther, R. J. and Di Vecchia, P. and Veneziano, G. and Witten, E.},
title = {Errata: Chiral Estimate of the Electric Dipole Moment of the Neutron in Quantum Chromodynamics},
journal = {Phys. Lett. B},
volume = {91},
pages = {487},
month = {Apr},
year = {1980}}

@Article{1984_Sushkov_et._al._P_T_odd_atomic_experiments,
author = {Sushkov, O. P. and Flambaum, V. V. and Khriplovich, I. B.},
title = {Possibility of investigating {P}- and {T}-odd nuclear forces in atomic and molecular
experiments},
journal = {Zh. Eksp. Teor. Fiz.},
volume = {87},
pages = {1521-40},
month = {Nov},
year = {1986}}

@Article{1985_Flambaum_Khriplovich_eEDM_bound,
author = {Flambaum, V. V. and Khriplovich, I. B.},
title = {New bounds on the electric dipole moment of the electron and on $T$-odd electron-nucleon
coupling},
journal = {Sov. Phys. JETP},
year = {1985},
volume = {62},
pages = {872},
month = {Nov}}

@article{1985_Martensson_C_T_calc,
title = {Calculation of a $P$- and $T$-Nonconserving Weak Interaction in Xe and Hg with Many-Body Perturbation Theory},
author = {M\aa{}rtensson-Pendrill, Ann-Marie},
journal = {Phys. Rev. Lett.},
volume = {54},
issue = {11},
pages = {1153-5},
year = {1985},
month = {Mar}}

@Article{1987_Martensson_Oster_eEDM,
author = {M\aa{}rtensson-Pendrill, Ann-Marie and {\"O}ster, Per},
title = {Calculations of atomic electric dipole moments},
journal = {Phys. Scr.},
volume  ={36},
number = {3},
pages = {444}, 
year = {1987}}

@Article{1997_Spevak_et._al._EDM_enhancement,
author = {Spevak, V. and Auerbach, N. and Flambaum, V. V. },
title = {Enhanced $T$-odd, $P$-odd electromagnetic moments in reflection asymmetric nuclei},
journal = {Phys. Rev. C},
year = {1997},
volume = {56},
number = {1357},
month = {Sep}}

@article{2002_Pospelov_quark_chromo_EDM,
title = {Best values for the CP-odd mesonâ€“nucleon couplings from supersymmetry},
journal = {Phys. Lett. B},
author = {Maxim Pospelov},
volume = {530},
number = {1â€“4},
pages = {123 - 128},
year = {2002}}

@article{2002_Dzuba_et._al._EDMvsSM,
title = {Electric dipole moments of {H}g, {X}e, {R}n, {R}a, {P}u, and {T}l{F} induced by the nuclear {S}chiff moment and limits on time-reversal violating interactions},
author = {Dzuba, V. A. and Flambaum, V. V. and Ginges, J. S. M. and Kozlov, M. G.},
journal = {Phys. Rev. A},
volume = {66},
issue = {1},
pages = {012111},
numpages = {7},
year = {2002},
month = {Jul}}

@article{2003_Dmitriev_and_Sen'kov_Hg_Schiff_Moment,
title = {Schiff Moment of the Mercury Nucleus and the Proton Dipole Moment},
author = {Dmitriev, V. F. and Sen'kov, R. A.},
journal = {Phys. Rev. Lett.},
volume = {91},
issue = {21},
pages = {212303},
numpages = {4},
year = {2003},
month = {Nov}}

@Article{2004_Ginges_Flambaum_Fund._Symmetries_in_Atoms,
author = {Ginges, J. S. M. and Flambaum, V. V.},
title = {Violations of fundamental symmetries in atoms and tests of
unification theories of elementary particles},
journal = {Physics Reports},
volume = {397},
pages = {63-154},
month = {Mar},
year = {2004}}

@Article{2005_de_Jesus_and_Engel_Hg_Schiff_Moment,
author = {de Jesus, J. H. and Engel, J.},
title = {Time-reversal-violating {S}chiff moment of $^{199}$Hg},
journal = {Phys. Rev. C},
year = {2010},
volume = {72}}

@article{2005_Dmitriev_et._al._Core_Polarization_in_NSM,
title = {Effects of core polarization on the nuclear Schiff moment},
author = {Dmitriev, V. F. and Sen'kov, R. A. and Auerbach, N.},
journal = {Phys. Rev. C},
volume = {71},
issue = {3},
pages = {035501},
numpages = {6},
year = {2005},
month = {Mar}}

@Article{2007_Liu_et._al._Schiff_Theorem_and_Corrections,
author = {Liu, C.-P. and Ramsey-Musolf, J. and Haxton, W. C. and Timmermans, R. G. E. and Dieperink, A. E. L.},
title = {Atomic Electric Dipole Moments: The {S}chiff Theorem and its Corrections},
journal = {Phys. Rev. C},
year = {2007},
volume = {76},
number = {3},
month = {Sep}}

@Article{2008_Schiff_Theorem_Rederivation,
author = {Sen'kov, R. A. and Auerbach, N. and Flambaum, V. V. and Zelevinsky, V. G.},
title = {Reexamination of the {S}chiff Theorem},
journal = {Phys. Rev. A},
year = {2008},
volume = {77},
number = {1},
month = {Jan}}

@Article{2008_Latha_et_al_Core_Polarization_EDM,
author={K. V. P. Latha and Dilip Angom and Rajat K Chaudhuri and B P Das and Debashis Mukherjee},
title={Core polarization in coupled-cluster theory induced by a parity and time-reversal violating interaction},
journal={J. Phys. B},
volume={41},
number={3},
pages={035005},
year={2008}}

@Article{2009_Latha_et_al_Hg_EDM,
author = {Latha, K. V. P. and Angom, D. and Das, B. P. and Mukherjee, D.},
title = {Probing {CP} Violation with the Electric Dipole Moment of Atomic Mercury},
journal = {Phys. Rev. Lett.},
year = {2009},
volume = {103},
pages = {083001},
month = {Aug}}

@Article{2009_Dzuba_Flambaum_Porsev_EDMvSM,
author = {Dzuba, V. A. and Flambaum, V. V. and Porsev, S. G.},
title = {Calculation of ({P},{T})-odd electric dipole moments for the diamagnetic atoms $^{129}${X}e, $^{171}${Y}b, $^{199}${H}g, $^{211}${R}n, and $^{225}${R}a},
journal = {Phys. Rev. A},
year = {2009},
volume = {80},
month = {Sep}}

@Article{2010_EDM_Baryogenesis,
author = {Cirigliano, V. and Yingchuan Li and Profumo, S. and Ramsey-Musolf, M. J.},
title = {{MSSM} baryogenesis and electric dipole moments: an update on the phenomenology},
journal = {Journal of High Energy Physics},
year = {2010},
volume = {2010},
number = {1},
pages = {1-23},
month = {Jan}}

@article{2010_Engel_self-consistent_Schiff_moments,
title = {Fully self-consistent calculations of nuclear Schiff moments},
author = {Ban, Shufang and Dobaczewski, Jacek and Engel, Jonathan and Shukla, A.},
journal = {Phys. Rev. C},
volume = {82},
issue = {1},
pages = {015501},
numpages = {7},
year = {2010},
month = {Jul}}

@Article{2013_Engel_et_al_EDM_review,
author = {Engel, Jonathan and Ramsey-Musolf, Michael J. and van Kolck, U.},
title = {Electric dipole moments of nucleons, nuclei, and atoms: The Standard Model and beyond},
journal = {Progress in Particle and Nuclear Physics},
year = {2013},
volume = {71},
pages = {21-74}}

@Article{2014_Radziute_et_al_DHF_EDM,
author = {Rad{\v z}i{\=u}t{\.e}, Liama and Gaigalas, Gediminas and J{\"o}nsson, Per and Biero{\'n}, Jacek},
title = {Multiconfiguration {D}irac-{H}artree-{F}ock calculations of atomic electric dipole moments of $^{225}${R}a, $^{199}${H}g, and $^{171}${Y}b},
journal = {Phys. Rev. A},
year = {2014},
volume = {90},
month = {Jul}}

@Article{2014_Flambaum_axion,
author = {Stadnik, Yevgeny P. and Flambaum, Victor, V.},
title = {New Atomic Probes for Dark Matter Detection: Axions, Axion-like Particles and Topological Defects},
journal = {ArXiv Preprint},
year = {2014},
month = {Sep}}

@Article{2015_Singh_and_Sahoo_Hg_Schiff_Moment,
author = {Singh, Yashpal and Sahoo, B. K.},
title = {Rigorous limits on the hadronic and semileptonic {CP}-violating coupling constants from the electric dipole moment of $^{199}${H}g},
journal = {Phys. Rev. A},
year = {2015},
pages = {030501},
volume = {97},
number = {3},
month = {Mar}}

@Article{2015_Chupp_Xe_EDM_Motivation,
author = {Chupp, T. and Ramsey-Musolf, M.},
title = {Electric dipole moments: A global analysis},
journal = {Phys. Rev. C},
year = {2015},
pages = {035502},
volume = {91},
number = {3},
month = {Mar}}

@Article{2015_Latha_et_al_Hg_EDM_Correction,
author = {Latha, K. V. P. and Angom, D. and Das, B. P. and Mukherjee, D.},
title = {Erratum: Probing {CP} Violation with the Electric Dipole Moment of Atomic Mercury},
journal = {Phys. Rev. Lett.},
year = {2015},
volume = {115},
pages = {059902(E)},
month = {Jul}}

@Article{2015_Guo_et_al_nEDM_from_lattice_QCD,
author = {Guo, F.-K. and Horsley, R. and Mei{\ss}ner, U.-G. and  Nakamura, Y. and  Perlt, H. and Rakow, P. E. L. and Schierholz, G. and Schiller, A. and Zanotti, J. M.},
title = {Electric Dipole Moment of the Neutron from 2 + 1 Flavor Lattice QCD},
journal = {Phys. Rev. Lett.},
year = {2015},
volume = {115},
pages = {062001},
month = {Aug}}

@Article{2015_Bsaisou_et_al_Nucleon_EDMs_in_chiral_EFT,
author = {Bsaisou, J. and de Vries, J. and Hanhart, C. and Liebig, S. and Mei{\ss}ner, Ulf-G. and Minossi, D. and Nogga, A. and Wirzba, A.},
title = {Nuclear electric dipole moments in chiral effective field theory},
journal = {J. High Energy Phys.},
year = {2015},
volume = {2015},
number = {3},
pages = {1-25},
month = {Mar}}

@article{2015_deVries_Mereghetti_Walker_CP_violation_in_CPT,
title = {Baryon mass splittings and strong $\mathit{CP}$ violation in SU(3) chiral perturbation theory},
author = {de Vries, J. and Mereghetti, E. and Walker-Loud, A.},
journal = {Phys. Rev. C},
volume = {92},
issue = {4},
pages = {045201},
numpages = {29},
year = {2015},
month = {Oct}}

%--------------------------------------GEOMETRIC PHASE-----------------------------------%

@Article{1991_Commins_Geometric_Phase,
author = {Commins, E. D. },
title = {Berryâ€™s geometric phase and motional fields},
journal = {Am. J. Phys.},
year = {1991},
volume = {59},
number = {12},
pages = {1077â€“1080},
month = {Dec}}

@article{2004_Geometric_Phase_ILL_nEDM,
title = {Geometric-phase-induced false electric dipole moment signals for particles in traps},
author = {Pendlebury, J. M. and Heil, W. and Sobolev, Yu. and Harris, P. G. and Richardson, J. D. and Baskin, R. J. and Doyle, D. D. and Geltenbort, P. and Green, K. and van der Grinten, M. G. D. and Iaydjiev, P. S. and Ivanov, S. N. and May, D. J. R. and Smith, K. F.},
journal = {Phys. Rev. A},
volume = {70},
issue = {3},
pages = {032102},
numpages = {20},
year = {2004},
month = {Sep}}

@article{2005_Lamoreaux_and_Golub_nEDM_geometric_phase,
title = {Detailed discussion of a linear electric field frequency shift induced in confined gases by a magnetic field gradient: Implications for neutron electric-dipole-moment experiments},
author = {Lamoreaux, S. K. and Golub, R.},
journal = {Phys. Rev. A},
volume = {71},
issue = {3},
pages = {032104},
numpages = {10},
year = {2005},
month = {Mar}}

%--------------------------------------MISCELLANEOUS-----------------------------------%

@article{Stark_Shift_expression,
title = {Precision measurement of the Stark shift of the cesium D lines},
author = {Hunter, L. R. and Krause Jr., D. and Murthy, S. and Sung, T. W.},
journal = {Phys. Rev. A},
volume = {37},
issue = {9},
pages = {3283--3292},
year = {1988},
month = {May}}


@Article{1961_Franken_SHG,
author = {Franken, P.A. and Hill, A.E. and Peters, C.W. and Weinreich, G.},
title = {Generation of Optical Harmonics},
journal = {Phys. Rev. Lett.},
year = {1961},
volume = {7},
number = {4},
pages = {118-9},
month = {Aug}}

@InProceedings{1997_Italian_low-noise_current_source,
author = {Ciofi, C. and Gianetti, R. and Dattilo, V. and Neri, B.},
title = {Ultra low noise current sources},
booktitle = {IEEE Instrumentation and Measurement Technology Conference Proceedings},
pages = {1486-9},
month = {May},
organization = {IEEE}}

@PhdThesis{Griffith,
author = {William Clark Griffith},
title = {Limiting {CP} Violation Through a Search for a Permanent Electric Dipole Moment of Mercury 199 Atoms},
school = {University of Washington},
year = {2005}}

@PhdThesis{Swallows,
author = {Matthew Swallows},
title = {A search for the permanent electric dipole moment of mercury-199},
school = {University of Washington},
year = {2007}}

@PhdThesis{Kimball,
author = {Derek Forrest Kimball},
title = {Nonlinear Magneto-Optical Rotation with Frequency-Modulated Light},
school = {University of California, Berkeley},
year = {2005}}

@Misc{Nobel_2008_background,
author = {Class for Physics of the Royal Swedish Academy of Sciences},
title = {Broken Symmetries},
howpublished = {Scientific Background on the Nobel Prize in Physics 2008},
month = {Oct},
year = {2008}}

@Misc{ClineNotes,
author = {Cline, J.M.},
title = {Baryogenesis},
howpublished = {arXiv:hep-ph/0609145v3},
month = {Nov},
year = {2006}}
